@article{grundy2016challenges,
  title={Challenges in assessing mobile health app quality: a systematic review of prevalent and innovative methods},
  author={Grundy, Quinn H and Wang, Zhicheng and Bero, Lisa A},
  journal={American journal of preventive medicine},
  volume={51},
  number={6},
  pages={1051--1059},
  year={2016},
  publisher={Elsevier}
}

@article{friedman2010regularization,
  title={Regularization paths for generalized linear models via coordinate descent},
  author={Friedman, Jerome and Hastie, Trevor and Tibshirani, Rob},
  journal={Journal of statistical software},
  volume={33},
  number={1},
  pages={1},
  year={2010},
  publisher={NIH Public Access}
}

@article{o2007caution,
  title={A caution regarding rules of thumb for variance inflation factors},
  author={Oâ€™brien, Robert M},
  journal={Quality \& quantity},
  volume={41},
  number={5},
  pages={673--690},
  year={2007},
  publisher={Springer}
}

